@article{24653035,
  title = {{Humans can discriminate more than 1 trillion olfactory stimuli.}},
  date = {2014 Mar 21},
  source = {Science},
  authors = {Bushdid, C and Magnasco, MO and Vosshall, LB and Keller, A},
  author = {Bushdid, C and Magnasco, MO and Vosshall, LB and Keller, A},
  year = {2014},
  month = {Mar},
  journal = {Science},
  volume = {343},
  number = {},
  pages = {1370-2},
  pubmed_id = {24653035},
}


@article{18428626,
  title = {{Olfactometry with mice.}},
  date = {2005 Nov},
  source = {Curr Protoc Neurosci},
  authors = {Slotnick, B and Restrepo, D},
  author = {Slotnick, B and Restrepo, D},
  year = {},
  month = {},
  journal = {Curr Protoc Neurosci},
  volume = {Chapter 8},
  number = {},
  pages = {Unit 8.20},
  pubmed_id = {18428626},
}
